@article{Cardwell:2017:BCC:3042068.3009824,
 author = {Cardwell, Neal and Cheng, Yuchung and Gunn, C. Stephen and Yeganeh, Soheil Hassas and Van Jacobson},
 title = {BBR: Congestion-based Congestion Control},
 journal = {Commun. ACM},
 issue_date = {February 2017},
 volume = {60},
 number = {2},
 month = jan,
 year = {2017},
 issn = {0001-0782},
 pages = {58--66},
 numpages = {9},
 url = {http://doi.acm.org/10.1145/3009824},
 doi = {10.1145/3009824},
 acmid = {3009824},
 publisher = {ACM},
 address = {New York, NY, USA}
} 

@article{Ha:2008:CNT:1400097.1400105,
 author = {Ha, Sangtae and Rhee, Injong and Xu, Lisong},
 title = {CUBIC: A New TCP-friendly High-speed TCP Variant},
 journal = {SIGOPS Oper. Syst. Rev.},
 issue_date = {July 2008},
 volume = {42},
 number = {5},
 month = jul,
 year = {2008},
 issn = {0163-5980},
 pages = {64--74},
 numpages = {11},
 url = {http://doi.acm.org/10.1145/1400097.1400105},
 doi = {10.1145/1400097.1400105},
 acmid = {1400105},
 publisher = {ACM},
 address = {New York, NY, USA}
} 

@TECHREPORT{ietf:ietf-98-bbr-slides,
	AUTHOR="Cardwell, Neal and Cheng, Yuchung and Gunn, C. Stephen and Yeganeh, Soheil Hassas and Van Jacobson",
	TITLE="BBR Congestion Control: An Update",
	TYPE={Slides},
	URL = {https://www.ietf.org/proceedings/98/slides/slides-98-iccrg-an-update-on-bbr-congestion-control-00.pdf},
	DAY = 27,
	MONTH = mar,
	YEAR = 2017
}

@TECHREPORT{ietf:ack-suppression,
	AUTHOR="Mikael Abrahamsson",
	TITLE="{TCP ACK Suppression}",
	TYPE="{IETF AQM mailing list}",
	url = {https://www.ietf.org/mail-archive/web/aqm/current/msg01480.html},	
	DAY=03,
   	MONTH=Nov,
   	YEAR=2015	
}

@TECHREPORT{ietf:draft-cheng-iccrg-delivery-rate-estimation-00,
   AUTHOR="Y.Cheng N.Cardwell S.Hassas Yeganeh V.Jacobson  Google, Inc",
   TITLE="{Delivery Rate Estimation}",
   HOWPUBLISHED="{Working Draft}",
   TYPE="{Internet-Draft}",
   NUMBER="draft-cheng-iccrg-delivery-rate-estimation-00.txt",
   INSTITUTION="{IETF Secretariat}",
   DAY=03,
   MONTH=Jul,
   YEAR=2017
}

@TECHREPORT{ietf:draft-cardwell-iccrg-bbr-congestion-control-00,
   AUTHOR="Y.Cheng N.Cardwell S.Hassas Yeganeh  V.Jacobson Google, Inc",
   TITLE="{BBR Congestion Control}",
   HOWPUBLISHED="{Working Draft}",
   TYPE="{Internet-Draft}",
   NUMBER="draft-cardwell-iccrg-bbr-congestion-control-00.txt",
   INSTITUTION="{IETF Secretariat}",
   DAY=03,
   MONTH=Jul,
   YEAR=2017
}

@TECHREPORT{ietf:draft-ietf-tcpm-cubic-05,
   AUTHOR="I.Rhee NCSU L.Xu UNL S.Ha Colorado A.Zimmermann L.Eggert NetApp R.Scheffenegger",
   TITLE="{CUBIC for Fast Long-Distance Networks}",
   HOWPUBLISHED="{Working Draft}",
   TYPE="{Internet-Draft}",
   NUMBER="draft-ietf-tcpm-cubic-05.txt",
   INSTITUTION="{IETF Secretariat}",
   DAY=17,
   MONTH=Jul,
   YEAR=2017
}